<?xml version="1.0" encoding="UTF-8"?><record xmlns="http://www.loc.gov/MARC21/slim" xmlns:cinclude="http://apache.org/cocoon/include/1.0" xmlns:zs="http://www.loc.gov/zing/srw/">
  <leader>00430nz  a2200133n  4500</leader>
  <controlfield tag="001">n  93098174 </controlfield>
  <controlfield tag="003">DLC</controlfield>
  <controlfield tag="005">19931006093145.8</controlfield>
  <controlfield tag="008">931006n| acannaab|          |n aaa |||  </controlfield>
  <datafield tag="010" ind1=" " ind2=" ">
    <subfield code="a">n  93098174 </subfield>
  </datafield>
  <datafield tag="040" ind1=" " ind2=" ">
    <subfield code="a">DLC</subfield>
    <subfield code="c">DLC</subfield>
  </datafield>
  <datafield tag="100" ind1="1" ind2="0">
    <subfield code="a">Bartha, József,</subfield>
    <subfield code="d">1911-1942</subfield>
  </datafield>
  <datafield tag="670" ind1=" " ind2=" ">
    <subfield code="a">Salgótarjániak a Don-kanyarban, 1942-1943, 1990:</subfield>
    <subfield code="b">t.p. (Bartha József c. tizedes)</subfield>
  </datafield>
  <datafield tag="670" ind1=" " ind2=" ">
    <subfield code="a">Magy. nemz. bibl., 1991:</subfield>
    <subfield code="b">(#3590: Bartha József, 1911-1942)</subfield>
  </datafield>
</record>